@article{maass1996lower,
	title={Lower bounds for the computational power of networks of spiking neurons},
	author={Maass, Wolfgang},
	journal={Neural computation},
	volume={8},
	number={1},
	pages={1--40},
	year={1996},
	publisher={MIT Press}
}

@article{maass1997networks,
	title={Networks of spiking neurons: the third generation of neural network models},
	author={Maass, Wolfgang},
	journal={Neural networks},
	volume={10},
	number={9},
	pages={1659--1671},
	year={1997},
	publisher={Elsevier}
}

@article{kasabov2014neucube,
	title={NeuCube: A spiking neural network architecture for mapping, learning and understanding of spatio-temporal brain data},
	author={Kasabov, Nikola K},
	journal={Neural Networks},
	volume={52},
	pages={62--76},
	year={2014},
	publisher={Elsevier}
}

@article{bekolay2014nengo,
	title={Nengo: a Python tool for building large-scale functional brain models},
	author={Bekolay, Trevor and Bergstra, James and Hunsberger, Eric and DeWolf, Travis and Stewart, Terrence C and Rasmussen, Daniel and Choo, Xuan and Voelker, Aaron and Eliasmith, Chris},
	journal={Frontiers in neuroinformatics},
	volume={7},
	pages={48},
	year={2014},
	publisher={Frontiers}
}

@inproceedings{fidjeland2009nemo,
	title={NeMo: a platform for neural modelling of spiking neurons using GPUs},
	author={Fidjeland, Andreas K and Roesch, Etienne B and Shanahan, Murray P and Luk, Wayne},
	booktitle={Application-specific Systems, Architectures and Processors, 2009. ASAP 2009. 20th IEEE International Conference on},
	pages={137--144},
	year={2009},
	organization={IEEE}
}

@inproceedings{beyeler2015carlsim,
	title={CARLsim 3: A user-friendly and highly optimized library for the creation of neurobiologically detailed spiking neural networks},
	author={Beyeler, Michael and Carlson, Kristofor D and Chou, Ting-Shuo and Dutt, Nikil and Krichmar, Jeffrey L},
	booktitle={Neural Networks (IJCNN), 2015 International Joint Conference on},
	pages={1--8},
	year={2015},
	organization={IEEE}
}

@article{izhikevich2003simple,
	title={Simple model of spiking neurons},
	author={Izhikevich, Eugene M},
	journal={IEEE Transactions on neural networks},
	volume={14},
	number={6},
	pages={1569--1572},
	year={2003},
	publisher={IEEE}
}

@article{hazan2018bindsnet,
	title={BindsNET: A machine learning-oriented spiking neural networks library in Python},
	author={Hazan, Hananel and Saunders, Daniel J and Khan, Hassaan and Sanghavi, Darpan T and Siegelmann, Hava T and Kozma, Robert},
	journal={arXiv preprint arXiv:1806.01423},
	year={2018}
}

@article{markram1997regulation,
	title={Regulation of synaptic efficacy by coincidence of postsynaptic APs and EPSPs},
	author={Markram, Henry and L{\"u}bke, Joachim and Frotscher, Michael and Sakmann, Bert},
	journal={Science},
	volume={275},
	number={5297},
	pages={213--215},
	year={1997},
	publisher={American Association for the Advancement of Science}
}