@article{kopka,
  author = {H. Kopka and P. W. Daly},
  title = {A Guide to LaTeX},
  journal = {Marine Technology Society Journal},
  year = {1999},
  volume = {1},
  number = {1},
  pages = {1--10}
}
